<record><leader>00000cas a2200000 a 4500</leader><controlfield tag="001">9382089</controlfield><controlfield tag="008">830406d18751943mtudr ne      0   a0eng c</controlfield><datafield ind1=" " ind2=" " tag="010"><subfield code="a">sn 83025308 </subfield></datafield><datafield ind1=" " ind2=" " tag="040"><subfield code="a">NPV</subfield><subfield code="b">eng</subfield><subfield code="c">NPV</subfield><subfield code="d">NPX</subfield><subfield code="d">MTL</subfield><subfield code="d">DLC</subfield><subfield code="d">OCL</subfield><subfield code="d">CNK</subfield><subfield code="d">CNW</subfield><subfield code="d">DLC</subfield><subfield code="d">OCLCQ</subfield><subfield code="d">DLC</subfield><subfield code="d">OCLCF</subfield><subfield code="d">OCLCO</subfield><subfield code="d">OCLCA</subfield></datafield><datafield ind1="0" ind2=" " tag="022"><subfield code="a">2326-9588</subfield><subfield code="2">1</subfield></datafield><datafield ind1="1" ind2=" " tag="029"><subfield code="a">AU@</subfield><subfield code="b">000020399240</subfield></datafield><datafield ind1=" " ind2=" " tag="042"><subfield code="a">pcc</subfield><subfield code="a">nsdp</subfield></datafield><datafield ind1=" " ind2=" " tag="043"><subfield code="a">n-us-mt</subfield></datafield><datafield ind1="0" ind2="0" tag="050"><subfield code="a">Newspaper</subfield></datafield><datafield ind1=" " ind2=" " tag="052"><subfield code="a">4253</subfield><subfield code="b">L4</subfield></datafield><datafield ind1="0" ind2="0" tag="082"><subfield code="a">071</subfield><subfield code="2">23</subfield></datafield><datafield ind1="0" ind2=" " tag="130"><subfield code="a">Helena independent (Helena, Mont. : 1875)</subfield></datafield><datafield ind1=" " ind2="4" tag="222"><subfield code="a">The Helena independent</subfield><subfield code="b">(Helena, Mont. 1875. Print)</subfield></datafield><datafield ind1="1" ind2="4" tag="245"><subfield code="a">The Helena independent.</subfield></datafield><datafield ind1="1" ind2="3" tag="246"><subfield code="a">Independent</subfield><subfield code="f">July 22, 1904-Mar. 5, 1913</subfield></datafield><datafield ind1="1" ind2="7" tag="246"><subfield code="a">Daily independent</subfield><subfield code="f">&lt;Jan. 1, 1898&gt;-July 7, 1903</subfield></datafield><datafield ind1="1" ind2="7" tag="246"><subfield code="a">Helena daily independent</subfield><subfield code="f">July 8, 1903-</subfield></datafield><datafield ind1=" " ind2=" " tag="260"><subfield code="a">Helena, Mont. :</subfield><subfield code="b">Kerley, McQuaid, LaCroix &amp; Co.,</subfield><subfield code="c">1875-1943.</subfield></datafield><datafield ind1=" " ind2=" " tag="300"><subfield code="a">68 v.</subfield></datafield><datafield ind1=" " ind2=" " tag="310"><subfield code="a">Daily,</subfield><subfield code="b">Nov. 25, 1889-Nov. 21, 1943</subfield></datafield><datafield ind1=" " ind2=" " tag="321"><subfield code="a">Daily (except Monday),</subfield><subfield code="b">Aug. 12, 1875-Nov. 24, 1889</subfield></datafield><datafield ind1="0" ind2=" " tag="362"><subfield code="a">Vol. 3, no. 122 (Aug. 12, 1875)-v. 78, no. 222 (Nov. 21, 1943).</subfield></datafield><datafield ind1=" " ind2=" " tag="530"><subfield code="a">Available on microfilm from the Library of Congress, Photoduplication Service.</subfield></datafield><datafield ind1=" " ind2=" " tag="580"><subfield code="a">Merged with: Montana record-herald, to form: Independent-record (Helena, Mont.).</subfield></datafield><datafield ind1=" " ind2=" " tag="530"><subfield code="a">Archived issues are available in digital format as part of the Library of Congress Chronicling America online collection.</subfield></datafield><datafield ind1=" " ind2="0" tag="651"><subfield code="a">Helena (Mont.)</subfield><subfield code="v">Newspapers.</subfield></datafield><datafield ind1=" " ind2="0" tag="651"><subfield code="a">Lewis and Clark County (Mont.)</subfield><subfield code="v">Newspapers.</subfield></datafield><datafield ind1=" " ind2="7" tag="655"><subfield code="a">Newspapers.</subfield><subfield code="2">fast</subfield><subfield code="0">(OCoLC)fst01423814</subfield></datafield><datafield ind1=" " ind2="7" tag="651"><subfield code="a">Montana</subfield><subfield code="z">Helena.</subfield><subfield code="2">fast</subfield><subfield code="0">(OCoLC)fst01207480</subfield></datafield><datafield ind1=" " ind2="7" tag="651"><subfield code="a">Montana</subfield><subfield code="z">Lewis and Clark County.</subfield><subfield code="2">fast</subfield><subfield code="0">(OCoLC)fst01215582</subfield></datafield><datafield ind1=" " ind2=" " tag="752"><subfield code="a">United States</subfield><subfield code="b">Montana</subfield><subfield code="c">Lewis and Clark</subfield><subfield code="d">Helena.</subfield></datafield><datafield ind1="1" ind2=" " tag="775"><subfield code="t">Helena weekly independent (Helena, Mont. : 1875)</subfield><subfield code="g">1875-1886</subfield><subfield code="w">(DLC)sn 84038130</subfield><subfield code="w">(OCoLC)11180636</subfield></datafield><datafield ind1="1" ind2=" " tag="775"><subfield code="t">Helena independent (Helena, Mont. : Weekly)</subfield><subfield code="g">1886-1892</subfield><subfield code="w">(DLC)sn 85053102</subfield><subfield code="w">(OCoLC)11978445</subfield></datafield><datafield ind1="1" ind2=" " tag="775"><subfield code="t">Helena weekly independent (Helena, Mont. : 1892)</subfield><subfield code="g">1892-1899</subfield><subfield code="w">(DLC)sn 85053103</subfield><subfield code="w">(OCoLC)11978462</subfield></datafield><datafield ind1="1" ind2=" " tag="775"><subfield code="t">Helena independent (Helena, Mont. : Semiweekly)</subfield><subfield code="g">1899-1914</subfield><subfield code="w">(DLC)sn 85053104</subfield><subfield code="w">(OCoLC)11978480</subfield></datafield><datafield ind1="1" ind2=" " tag="776"><subfield code="t">Helena independent (Helena, Mont. : 1875 : Online)</subfield><subfield code="x">2326-9596</subfield><subfield code="w">(DLC)  2013218597</subfield><subfield code="w">(OCoLC)828628958</subfield></datafield><datafield ind1="0" ind2="0" tag="780"><subfield code="t">Daily independent (Helena, Mont.)</subfield><subfield code="w">(DLC)sn 85053100</subfield><subfield code="w">(OCoLC)11964035</subfield></datafield><datafield ind1="1" ind2="7" tag="785"><subfield code="t">Montana record-herald</subfield><subfield code="w">(DLC)sn 85053101</subfield><subfield code="w">(OCoLC)2363202</subfield></datafield><datafield ind1="1" ind2="7" tag="785"><subfield code="t">Independent-record (Helena, Mont.)</subfield><subfield code="w">(DLC)sn 85053105</subfield><subfield code="w">(OCoLC)11978496</subfield></datafield><datafield ind1="4" ind2="1" tag="856"><subfield code="u">http://www.loc.gov/chroniclingamerica/lccn/sn83025308/issues</subfield></datafield></record>